@inproceedings{
ZOOMM,
   author = {Cascaval, Calin and Fowler, Seth and Montesinos-Ortego, Pablo and Piekarski, Wayne and Reshadi, Mehrdad and Robatmili, Behnam and Weber, Michael and Bhavsar, Vrajesh},
  title = {{ZOOMM}: A Parallel Web Browser Engine for Multicore Mobile Devices},
  booktitle = {Proceedings of the 18th ACM SIGPLAN Symposium on Principles and Practice of Parallel Programming},
  series = {PPoPP '13},
  year = {2013},
  isbn = {978-1-4503-1922-5},
  location = {Shenzhen, China},
  pages = {271--280},
  numpages = {10},
  url = {http://doi.acm.org/10.1145/2442516.2442543},
  doi = {10.1145/2442516.2442543},
  acmid = {2442543},
  publisher = {ACM},
  address = {New York, NY, USA},
}

@misc{
CHROME,
 title = {The {G}oogle {C}hrome web browser},
 note = {\url{http://www.google.com/chrome}}
 }
 
@misc{
IE,
 title = {The {M}icrosoft {I}nternet {E}xplorer web browser},
 note = {\url{http://www.microsoft.com/ie}}
 }
 

@misc{
FIREFOX,
 title = {The {M}ozilla {F}irefox web browser},
 note = {\url{http://www.firefox.com/}}
 }

@misc{
OPERA,
 title = {The {O}pera web browser},
 note = {\url{http://www.opera.com/}}
 }

@misc{
RUST,
 title = {The {R}ust language},
 note = {\url{http://www.rust-lang.org/}}
 }
 
@misc{
SAFARI,
 title = {The {A}pple {S}afari web browser},
 note = {\url{http://www.apple.com/safari}}
 }

@misc{
SERVO,
 title = {The {S}ervo web browser engine},
 note = {\url{https://github.com/servo/servo}}
 }

@misc{
LLVM,
 title = {The {LLVM} compiler infrastructure},
 note = {\url{http://llvm.org}}
 }

@inproceedings{
cyclone,
  author = {Grossman, Dan and Morrisett, Greg and Jim, Trevor and Hicks, Michael and Wang, Yanling and Cheney, James},
  title = {Region-based Memory Management in {C}yclone},
  booktitle = {Proceedings of the ACM SIGPLAN 2002 Conference on Programming Language Design and Implementation},
  series = {PLDI '02},
  year = {2002},
  location = {Berlin, Germany},
  pages = {282--293},
  numpages = {12},
  publisher = {ACM},
  address = {New York, NY, USA},
} 
                
@inproceedings{
adapton,
  author = {Hammer, Matthew A. and Phang, Khoo Yit and Hicks, Michael and Foster, Jeffrey S.},
  title = {Adapton: Composable, Demand-driven Incremental Computation},
  booktitle = {Proceedings of the 35th ACM SIGPLAN Conference on Programming Language Design and Implementation},
  series = {PLDI '14},
  year = {2014},
  location = {Edinburgh, United Kingdom},
  pages = {156--166},
  numpages = {11},
  publisher = {ACM},
  address = {New York, NY, USA},
}

@inproceedings{
parallelizing-web-pages,
   author = {Mai, Haohui and Tang, Shuo and King, Samuel T. and Cascaval, Calin and Montesinos, Pablo},
   title = "A {C}ase for {P}arallelizing {W}eb {P}ages",
   booktitle = {Proceedings of the 4th USENIX Conference on Hot Topics in Parallelism},
   series = {HotPar'12},
   year = {2012},
   location = {Berkeley, CA},
   publisher = {USENIX Association},
   address = {Berkeley, CA, USA},
}

@techreport{
singularity,
author       = {Galen Hunt and James R. Larus and Martin Abadi and Mark Aiken and Paul Barham and
                Manuel Fahndrich and Chris Hawblitzel and Orion Hodson and Steven Levi and Nick
                                Murphy and Bjarne Steensgaard and David Tarditi and Ted Wobber and Brian D. Zill},
 institution  = {Microsoft Research},
 month        = {October},
 number       = {MSR-TR-2005-135},
 pages        = {44},
 title        = {An {O}verview of the {S}ingularity {P}roject},
 url          = {http://research.microsoft.com/apps/pubs/default.aspx?id=52716},
 year         = {2005},
}


@inproceedings{
ocaml-repr,
  author = {Xavier Leroy},
  title = {Efficient data representation in polymorphic languages},
  booktitle = {Programming Language Implementation and Logic Programming 90},
  editor = {P. Deransart and J. Ma{\l}uszy\'nski},
  series = {Lecture Notes in Computer Science},
  publisher = {Springer},
  volume = {456},
  year = {1990},
}

@inproceedings{
parallel-layout,
  author = {Meyerovich, Leo A. and Bodik, Rastislav},
  title = {Fast and {P}arallel {W}ebpage {L}ayout},
  booktitle = {Proceedings of the 19th International Conference on World Wide Web},
  series = {WWW '10},
  year = {2010},
  isbn = {978-1-60558-799-8},
  location = {Raleigh, North Carolina, USA},
  pages = {711--720},
  numpages = {10},
  url = {http://doi.acm.org/10.1145/1772690.1772763},
  publisher = {ACM},
  address = {New York, NY, USA},
  keywords = {attribute grammar, box model, css, font, html, layout, mobile, multicore, selector},
}

@article{
  mlkit,
  author = {Tofte, Mads and Birkedal, Lars},
  title = {A Region Inference Algorithm},
  journal = {ACM Trans. Program. Lang. Syst.},
  issue_date = {July 1998},
  volume = {20},
  number = {4},
  month = jul,
  year = {1998},
  pages = {724--767},
  numpages = {44},
  publisher = {ACM},
  address = {New York, NY, USA},
}

@inproceedings{
browsers-slow-smartphones,
  author = {Wang, Zhen and Lin, Felix Xiaozhu and Zhong, Lin and Chishtie, Mansoor},
  title = {Why {A}re {W}eb {B}rowsers {S}low on {S}martphones?},
  booktitle = {Proceedings of the 12th Workshop on Mobile Computing Systems and Applications},
  series = {HotMobile '11},
  year = {2011},
  location = {Phoenix, Arizona},
  publisher = {ACM},
  address = {New York, NY, USA},
  }

	@misc{
mlton-compiler,
	author = "Henry Cejtin and Matthew Fluet and Suresh Jagannathan and Stephen Weeks",
	title = "The {MLton} {S}tandard {ML} compiler",
	note = "Available at \url{http://mlton.org}"
	}

@misc{
WEBKIT,
 title = {The {WebKit} open source project},
 note = {\url{http://www.webkit.org}}
 }

@inproceedings{Kohlbecker:1987:MDS:41625.41632,
  author = {Kohlbecker, E. E. and Wand, M.},
  title = {Macro-by-example: Deriving Syntactic Transformations from Their Specifications},
  booktitle = {Proceedings of the 14th ACM SIGACT-SIGPLAN Symposium on Principles of Programming Languages},
  series = {POPL '87},
  year = {1987},
  isbn = {0-89791-215-2},
  location = {Munich, West Germany},
  pages = {77--84},
  numpages = {8},
  url = {http://doi.acm.org/10.1145/41625.41632},
  doi = {10.1145/41625.41632},
  acmid = {41632},
  publisher = {ACM},
  address = {New York, NY, USA},
}

@techreport{
  memory-safety,
  author       = {Saraswat, Vijay},
  institution  = {AT&T Research},
  month        = {August},
  title        = {Java is not type-safe},
  url          = {http://www.cis.upenn.edu/~bcpierce/courses/629/papers/Saraswat-javabug.html},
  year         = {1997},
}
